@Article{Nonnengart01computingsmall,
author = {Andreas Nonnengart and Christoph Weidenbach and Im Stadtwald and Im Stadtwald},
title = {Computing Small Clause Normal Forms},
year = {2001}
}

@Article{PracticalLogic,
author = {John Harrison},
title = {Handbook of practical logic and automated reasoning},
year = {2009}
}

@MISC{Clausula,
author = {Enzo Ferrante},
title = {Deductor de teoremas Clausula},
howpublished = {\url{http://clausula.sourceforge.net}}
}

@MISC{sgi,
author = {sgi},
title = {STL Complexity specifications},
howpublished = {\url{http://www.sgi.com/tech/stl/complexity.html}}
}

@MISC{spirit,
author = {spirit},
title = {Boost Spirit},
howpublished = {\url{http://boost-spirit.com/home/}}
}

@MISC{ApuntesLogica,
author = {Celani, Sergio},
title = {Notas de clase, Facultad Cs. Exactas, UNCPBA},
year = {2003}
}

@Article{Schultz,
author = {Stephan Schultz},
title = {Algorithms and Data Structures for First-Order Equational Deduction},
year = {2004}
}

@Article{Gelperin,
author = {David Gelperin},
title = {A Resolution-Based Proof Procedure Using Deletion-Directed Search},
year = {1976}
}

